@article{li2016nonlinear,
  title={Nonlinear resonance and envelope instability of intense beam in axial symmetric periodic channel},
  author={Li, Chao and Liu, Zhicong and Zhao, Yaliang and Qin, Qing},
  journal={Nuclear Instruments and Methods in Physics Research Section A: Accelerators, Spectrometers, Detectors and Associated Equipment},
  volume={813},
  pages={13--18},
  year={2016},
  publisher={Elsevier}
}
