%%%%%%%%%%%%%%%%%%%%%%% Comments %%%%%%%%%%%%%%%%%%%%%%%%
%% BibTeX can accept names in "forename surname" or "surname, forename".
%% to tell BibTeX when a reference has more than one author by putting the keyword "and" in between every author.
%%%%%%%%%%%%%%%%%%%%%%% Bibliography %%%%%%%%%%%%%%%%%%%%%%%


%%%%%%%%%%%%%%%%%%%%%%% Chapter1 %%%%%%%%%%%%%%%%%%%%%%%
@article{wei2003synchrotrons,
  title={Synchrotrons and accumulators for high-intensity proton beams},
  author={Wei, Jie},
  journal={Reviews of Modern Physics},
  volume={75},
  number={4},
  pages={1383},
  year={2003},
  publisher={APS}
}

@inproceedings{chou2002synchrotron,
  title={Synchrotron based proton drivers},
  author={Chou, Weiren},
  booktitle={AIP Conference Proceedings},
  volume={642},
  number={1},
  pages={29--37},
  year={2002},
  organization={AIP}
}

@misc{cern_codeList,
  title={Accelerator code list},
  url = "https://oraweb.cern.ch/pls/hhh/code_website.disp_allcat",
}

@article{ryne1996beam,
  title={Beam dynamics calculations and particle tracking using massively parallel processors},
  author={Ryne, Robert D and Habib, Salman},
  journal={Part. Accel.},
  volume={55},
  pages={119--128},
  year={1996}
}

@techreport{takeda1998PARMILA,
  title={Recent Developments in the Accelerator Design Code PARMILA},
  author={Takeda, Harunori and Billen, JH},
  year={1998},
  institution={Los Alamos National Lab., NM (United States)}
}

@article{PARMTEQ_6925500,
    title = {PARMTEQ (Phase And Radial Motion in Transverse Electric Quadrupole linacs): A beam dynamics code for the RFQ (radio-frequency quadrupole)},
    author = {Crandall, K.R. and Wangler, T.P.},
    volume = {lA-UR-88-1546},
    year = {1987},
    month = {Jan}
}

@inproceedings{qiang1999impact,
  title={An object-oriented parallel particle-in-cell code for beam dynamics simulation in linear accelerators},
  author={Qiang, Ji and Ryne, Robert D and Habib, Salman and Decyk, Viktor},
  booktitle={Proceedings of the 1999 ACM/IEEE conference on Supercomputing},
  pages={55},
  year={1999},
  organization={ACM}
}

@article{tanke2002dynac,
  title={DYNAC: A multi-particle beam dynamics code for leptons and hadrons},
  author={Tanke, E and Valero, S and others},
  journal={LINAC02, Gyeongju, TH429},
  volume={667},
  year={2002}
}

@article{uriot2014tracewin,
  title={TraceWin},
  author={Uriot, D and Pichoff, N},
  journal={CEA Saclay, June},
  year={2014}
}

@inproceedings{shishlo2006orbit,
  title={The ORBIT simulation code: benchmarking and applications},
  author={Shishlo, Andrei and Cousineau, S and Danilov, V and Galambos, J and Henderson, S and Holmes, J and Plum, M},
  booktitle={Proceedings of ICAP},
  year={2006}
}

@inproceedings{aseev2005track,
  title={TRACK: The new beam dynamics code},
  author={Aseev, VN and Ostroumov, PN and Lessner, ES and Mustapha, B},
  booktitle={Particle Accelerator Conference, 2005. PAC 2005. Proceedings of the},
  pages={2053--2055},
  year={2005},
  organization={IEEE}
}

%=========================chapter2=========================

@book{jackson1975electrodynamics,
  title={Electrodynamics},
  author={Jackson, J David},
  year={1975},
  publisher={Wiley Online Library}
}

@book{guo1979electrodynamics,
  title={电 动 力 学 (第 三 版)},
  author={郭硕鸿},
  year={1979},
  publisher={高等教育出版社},
  address={北京}
}

@book{accelerator2004lee,
  title={Accelerator physics},
  author={Lee, Shyh-Yuan},
  year={2004},
  publisher={World Scientific Publishing Co Inc}
}

@book{accelerator2013chao,
  title={Handbook of accelerator physics and engineering},
  author={Chao, Alexander Wu and Mess, Karl Hubert and Tigner, Maury and Zimmermann, Frank},
  year={2013},
  publisher={World scientific}
}


@techreport{qinq2011ring,
  title={高能环形加速器物理},
  author={秦庆},
  pages={6-7},
  year={2011},
  address={北京},
  publisher={中国科学院大学加速器物理讲义}
  institution={中国科学院高能物理研究所}
}

@book{wang1986protronLinac,
  title={质子直线加速器原理},
  author={王书鸿},
  year={1986},
  publisher={原子能出版社},
  address={北京}
}

@book{yao1986elecLinac,
  title={电子直线加速器原理},
  author={姚充国},
  year={1986},
  publisher={科学出版社},
  address={北京}
}

@book{wangler2008rf,
  title={RF Linear accelerators},
  author={Wangler, Thomas P},
  year={2008},
  publisher={John Wiley \& Sons}
}

@book{wangler1998principles,
  title={Principles of RF linear accelerator},
  author={Wangler, Thomas P},
  journal={John Willey \& Sons, Inc},
  year={1998}
}

@book{lv2004beamoptic,
  title={带电粒子束光学},
  author={吕建钦},
  publisher={高等教育出版社},
  address={北京},
  year={2004},
}

@techreport{tang2011proton,
  title={质子加速器基础},
  author={唐靖宇},
  pages={11-12},
  year={2014},
  address={北京},
  publisher={讲义}
  institution={中国科学院高能物理研究所}
}

@article{zhihuili2011ADS,
  title={中国ADS质子加速器物理设计},
  author={李智慧 and 闫芳 and 耿会平 and 唐靖宇 and 欧阳华甫 and 孟才 and 郭臻 and 孙彪 and 程鹏 and 刘勇 and others},
  journal={中国核科学技术进展报告 (第二卷)——中国核学会 2011 年学术年会论文集第 6 册 (核物理分卷, 计算物理分卷, 粒子加速器分卷)},
  year={2011}
}

@article{fang2014physics,
  title={Physics design for the C-ADS main linac based on two different injector design schemes},
  author={Fang, Yan and Zhi-Hui, Li and Cai, Meng and Jing-Yu, Tang and Biao, Sun},
  journal={Chinese physics C},
  volume={38},
  number={2},
  pages={027004},
  year={2014},
  publisher={IOP Publishing}
}

@inproceedings{fang2016instability,
  title={Instability investigation of China-ADS Injector-I SC section design},
  author={Fang, YAN and Meng, Cai and Geng, Hui-ping and Zhao, Ya-liang}
  booktitle={Proceedings of HB2016, Malmö, Sweden},
  year={2016}
}

@book{abramowitz1964handbook,
  title={Handbook of mathematical functions: with formulas, graphs, and mathematical tables},
  author={Abramowitz, Milton and Stegun, Irene A},
  volume={55},
  year={1964},
  publisher={Courier Corporation}
}

%PIC
@inproceedings{PIC_luccio2002space,
  title={Space Charge Dynamics Simulated in 3-D in the Code ORBIT “},
  author={Luccio, AU and D’Imperio, NL and Beebe-Wang, J},
  booktitle={Proceedings of EPAC2002, Paris, France},
  year={2002}
}

%symplectic
@article{PIC_ji2000,
title = "An Object-Oriented Parallel Particle-in-Cell Code for Beam Dynamics Simulation in Linear Accelerators",
journal = "Journal of Computational Physics",
volume = "163",
number = "2",
pages = "434 - 451",
year = "2000",
note = "",
issn = "0021-9991",
doi = "http://dx.doi.org/10.1006/jcph.2000.6570",
url = "http://www.sciencedirect.com/science/article/pii/S0021999100965707",
author = "Ji Qiang and Robert D. Ryne and Salman Habib and Viktor Decyk",
}

@article{PIC_friedman1992,
  title={Three-dimensional particle simulation of heavy-ion fusion beams},
  author={Friedman, Alex and Grote, David P and Haber, Irving},
  journal={Physics of Fluids B: Plasma Physics},
  volume={4},
  number={7},
  pages={2203--2210},
  year={1992},
  publisher={AIP}
}

@article{PIC_Amundson2006229,
title = "Synergia: An accelerator modeling tool with 3-D space charge ",
journal = "Journal of Computational Physics ",
volume = "211",
number = "1",
pages = "229 - 248",
year = "2006",
note = "",
issn = "0021-9991",
doi = "http://dx.doi.org/10.1016/j.jcp.2005.05.024",
url = "http://www.sciencedirect.com/science/article/pii/S0021999105002718",
author = "J. Amundson and P. Spentzouris and J. Qiang and R. Ryne",
keywords = "Accelerator physics",
keywords = "Parallel computing",
keywords = "Framework",
keywords = "Space charge",
keywords = "Halo "
}

@article{PIC_ji2004,
  title={A parallel particle-in-cell model for beam--beam interaction in high energy ring colliders},
  author={Qiang, Ji and Furman, Miguel A and Ryne, Robert D},
  journal={Journal of Computational Physics},
  volume={198},
  number={1},
  pages={278--294},
  year={2004},
  publisher={Elsevier}
}

@article{PIC_Birdsall1991,
author={Charles K. Birdsall},
journal={IEEE Transactions on Plasma Science},
title={Particle-in-cell charged-particle simulations, plus Monte Carlo collisions with neutral atoms, PIC-MCC},
year={1991},
volume={19},
number={2},
pages={65-85},
keywords={Monte Carlo methods;plasma collision processes;plasma simulation;1D charged sheet models;Coulomb collision calculations;Monte Carlo collisions;electromagnetic field solutions;fast direct Poisson equation solvers;low-temperature collision plasmas;magnetized fusion plasmas;many-particle simulations;neutral atoms;partially ionized gases;particle-in-cell charge-particle simulations;plasma-assisted materials processing;spatial meshes;Atomic measurements;Computational modeling;Computer simulation;Monte Carlo methods;Nuclear and plasma sciences;Plasma applications;Plasma materials processing;Plasma measurements;Plasma simulation;Plasma temperature},
doi={10.1109/27.106800},
ISSN={0093-3813},
month={Apr}
}

@article{PIC_beampath2005,
  title={Particle-in-cell code BEAMPATH for beam dynamics simulations in linear accelerators and beamlines},
  author={Batygin, Yuri K},
  journal={Nuclear Instruments and Methods in Physics Research Section A: Accelerators, Spectrometers, Detectors and Associated Equipment},
  volume={539},
  number={3},
  pages={455--489},
  year={2005},
  publisher={Elsevier}
}

@article{PIC_tracewin2014,
  title={TraceWin},
  author={Uriot, D and Pichoff, N},
  journal={CEA Saclay, June},
  year={2014}
}

@PHDTHESIS{,
  author =       {},
  title =        {},
  school =       {},
  year =         {},
  type =         {},
  address =      {},
  month =        {},
  note =         {},
  abstract =     {},
  keywords =     {},
  source =       {},
}

@phdthesis{chao2014TOPOPIC,
  title={TOPOPIC程序开发以及对FODO结构中束晕抑制问题的研究},
  author={李超},
  school={中国科学院研究生院(近代物理研究所)},
  year={2014},
  address={兰州}
}

@article{symplectic_channel1990,
  title={Symplectic integration of Hamiltonian systems},
  author={Channell, PJ and Scovel, C},
  journal={Nonlinearity},
  volume={3},
  number={2},
  pages={231},
  year={1990},
  publisher={IOP Publishing}
}

@article{symplectic_yoshida1990,
  title     ={Construction of higher order symplectic integrators},
  author    ={Yoshida, Haruo},
  journal   ={Physics Letters A},
  volume    ={150},
  number    ={5-7},
  pages     ={262--268},
  year      ={1990},
  publisher ={Elsevier}
}

@article{symplectic_ji2017,
  title = {Symplectic multiparticle tracking model for self-consistent space-charge simulation},
  author = {Qiang, Ji},
  journal = {Phys. Rev. Accel. Beams},
  volume = {20},
  issue = {1},
  pages = {014203},
  numpages = {11},
  year = {2017},
  month = {Jan},
  publisher = {American Physical Society},
  doi = {10.1103/PhysRevAccelBeams.20.014203},
  url = {http://link.aps.org/doi/10.1103/PhysRevAccelBeams.20.014203}
}

@misc{nvidia2010programming,
  title={Programming guide},
  author={Nvidia, CUDA},
  year={2010}
}

@article{gpu2008,
  title={GPU computing},
  author={Owens, John D and Houston, Mike and Luebke, David and Green, Simon and Stone, John E and Phillips, James C},
  journal={Proceedings of the IEEE},
  volume={96},
  number={5},
  pages={879--899},
  year={2008},
  publisher={IEEE}
}




%%%%%%%%%%%%%%%%%%%%%%%%%%%%%%%%%%%%%%%%%%%%
%%%%               Chapter2
%%%%%%%%%%%%%%%%%%%%%%%%%%%%%%%%%%%%%%%%%%%%
@article{li2013ADS,
  title={Physics design of an accelerator for an accelerator-driven subcritical system},
  author={Li, Zhihui and Cheng, Peng and Geng, Huiping and Guo, Zhen and He, Yuan and Meng, Cai and Ouyang, Huafu and Pei, Shilun and Sun, Biao and Sun, Jilei and others},
  journal={Physical Review Special Topics-Accelerators and Beams},
  volume={16},
  number={8},
  pages={080101},
  year={2013},
  publisher={APS}
}

@article{henderson2014SNS,
  title={The spallation neutron source accelerator system design},
  author={Henderson, S and Abraham, W and Aleksandrov, A and Allen, C and Alonso, J and Anderson, D and Arenius, D and Arthur, T and Assadi, S and Ayers, J and others},
  journal={Nuclear Instruments and Methods in Physics Research Section A: Accelerators, Spectrometers, Detectors and Associated Equipment},
  volume={763},
  pages={610--673},
  year={2014},
  publisher={Elsevier}
}

@article{eshraqi2016ess,
  title={ESS linac beam physics design update},
  author={Eshraqi, Mohammad and Danared, H{\aa}kan and De Prisco, Renato and Jansson, Andreas and Levinsen, Yngve and Lindroos, Mats and Miyamoto, Ryoichi and Mu{\~n}oz, Marc and Ponton, Aur{\'e}lien},
  journal={MOPOY045, IPAC16, Busan (these proceedings)},
  year={2016}
}


@article{li2016nonlinear,
  title={Nonlinear resonance and envelope instability of intense beam in axial symmetric periodic channel},
  author={Li, Chao and Liu, Zhicong and Zhao, Yaliang and Qin, Qing},
  journal={Nuclear Instruments and Methods in Physics Research Section A: Accelerators, Spectrometers, Detectors and Associated Equipment},
  volume={813},
  pages={13--18},
  year={2016},
  publisher={Elsevier}
}

@article{li2014envelope,
  title={Envelope instability and the fourth order resonance},
  author={Li, Chao and Zhao, Ya Liang},
  journal={Physical Review Special Topics-Accelerators and Beams},
  volume={17},
  number={12},
  pages={124202},
  year={2014},
  publisher={APS}
}

@inproceedings{li16collective,
  title={Collective Beam Instability and Beam Halo Due to Space Charge},
  author={Li, Chao and Qin, Qing},
  booktitle={Proc. of ICFA Advanced Beam Dynamics Workshop on High-Intensity and High-Brightness Hadron Beams (HB'16)},
  organization={JACoW}
}

@article{li2015space,
  title={Space charge induced beam instability in periodic focusing channel},
  author={Li, Chao and Qin, Qing},
  journal={Physics of Plasmas},
  volume={22},
  number={2},
  pages={023108},
  year={2015},
  publisher={AIP Publishing}
}

@article{studio2008cst,
  title={CST-Computer Simulation Technology},
  author={Studio, Microwave},
  journal={Bad Nuheimer Str},
  volume={19},
  pages={64289},
  year={2008}
}

@book{hockney1988computer,
  title={Computer simulation using particles},
  author={Hockney, Roger W and Eastwood, James W},
  year={1988},
  publisher={crc Press}
}

@article{wangler1998particle,
  title={Particle-core model for transverse dynamics of beam halo},
  author={Wangler, TP and Crandall, KR and Ryne, R and Wang, TS},
  journal={Physical review special topics-accelerators and beams},
  volume={1},
  number={8},
  pages={084201},
  year={1998},
  publisher={APS}
}

@article{chen1994nonlinear,
  title={Nonlinear properties of the Kapchinskij-Vladimirskij equilibrium and envelope equation for an intense charged-particle beam in a periodic focusing field},
  author={Chen, Chiping and Davidson, Ronald C},
  journal={Physical Review E},
  volume={49},
  number={6},
  pages={5679},
  year={1994},
  publisher={APS}
}

@techreport{crandall1998rfq,
  title={RFQ design codes},
  author={Crandall, Kenneth R and Wangler, Thomas P and Young, Lloyd M and Billen, James H and Neuschaefer, George H and Schrage, Dale L},
  year={1998},
  institution={LA-UR-96-1836}
}


@misc{nvidia2010cufft,
  title={CUFFT library},
  author={Nvidia, CUDA},
  journal={2014-2-13]. http://docs.nvidia.com/cuda/cufft},
  year={2010}
}


%Resonance Crossing


@book{reiser2008theory,
  title={Theory and design of charged particle beams},
  author={Reiser, Martin},
  year={2008},
  publisher={John Wiley \& Sons}
}


@techreport{fedotov2001space,
  title={Space-charge and resonance considerations for choosing the SNS ring working points},
  author={Fedotov, A and Papaphilippou, Y and Wei, J and Holmes, JA},
  year={2001},
  institution={Brookhaven National Laboratory (BNL)}
}

@article{franchetti2006particle,
  title={Particle trapping by nonlinear resonances and space charge},
  author={Franchetti, G and Hofmann, I},
  journal={Nuclear Instruments and Methods in Physics Research Section A: Accelerators, Spectrometers, Detectors and Associated Equipment},
  volume={561},
  number={2},
  pages={195--202},
  year={2006},
  publisher={Elsevier}
}

@article{sacherer1968transverse,
  title={Transverse space-charge effects in circular accelerators},
  author={Sacherer, Frank James},
  year={1968}
}
@article{sacherer1973longitudinal,
  title={A longitudinal stability criterion for bunched beams},
  author={Sacherer, FJ},
  journal={IEEE Transactions on Nuclear Science},
  volume={20},
  number={3},
  pages={825--829},
  year={1973},
  publisher={IEEE}
}

@book{chao1993physics,
  title={Physics of collective beam instabilities in high energy accelerators},
  author={Chao, Alexander Wu},
  year={1993},
  publisher={Wiley}
}

@inproceedings{gluckstern1970oscillation,
  title={Oscillation Modes in Two Dimensional Beams.},
  author={Gluckstern, Robert L},
  booktitle={Conf. Proc.},
  volume={700928},
  pages={811},
  year={1970}
}

@inproceedings{gluckstern1970stability,
  title={Stability of Phase Space Distributions in Two Dimensional Beams},
  author={Gluckstern, Robert L and Chasman, R and Crandall, K},
  booktitle={Conf. Proc.},
  volume={700928},
  pages={H--6},
  year={1970}
}


@inproceedings{11,
  author={Chao Li and  R. A. Jameosn, and Qin Qing},
  title={Collective Beam Instability and Beam Halo Due to Space Charge},
  booktitle      = "{in 57th ICFA beam dynamics workshop HB2016, Maloe, Sweden 2016, MOPL006; in 7th International Particle Accelerator Conference IPAC2016, Busan, Korea, "THOBA02"}",
}


@article{li2018structure,
  title={Structure resonances due to space charge in periodic focusing channels},
  author={Li, Chao and Jameson, RA},
  journal={Physical Review Accelerators and Beams},
  volume={21},
  number={2},
  pages={024204},
  year={2018},
  publisher={APS}
}


@inproceedings{12,
  author={Chao Li and  R. A. Jameosn},
  title={Structure resonances due to space charge in periodic focusing channels},
  journal={Physical Review Special Topics-Accelerators and Beams},
  volume={7},
  number={2},
  pages={024801},
  year={2004},
  publisher={APS}
}


@article{sacherer1971rms,
  title={RMS envelope equations with space charge},
  author={Sacherer, Frank J},
  journal={IEEE Transactions on Nuclear Science},
  volume={18},
  number={3},
  pages={1105--1107},
  year={1971},
  publisher={IEEE}
}
@article{14,
      author        = "Struckmeier, J. and Reiser, M.",
      title         = "{Theoretical studies of envelope oscillations and
                       instabilities of mismatched intense charged particle beams
                       in periodic focusing channels}",
      journal       = "Part. Accel.",
      number        = "GSI-83-11. GSI-PRE-83-11",
      volume        = "14",
      pages         = "227-260. 44 p",
      month         = "Apr",
      year          = "1983",
}
@article{15,
  title={Stability properties of the transverse envelope equations describing intense ion beam transport},
  author={Lund, Steven M and Bukh, Boris},
  journal={Physical Review Special Topics-Accelerators and Beams},
  volume={7},
  number={2},
  pages={024801},
  year={2004},
  publisher={APS}
}


@article{18,
  title={Stability of the Kapchinskij-Vladimirskij (KV) distribution in long periodic transport systems},
  author={Hofmann, I. and Laslett, L. J. and Smith, L. and Haber, I.},
  journal={Particle Accelerators},
  volume={13},
  pages={145},
  year={1983}
}

@article{19,
  title={Stability of anisotropic beams with space charge},
  author={Hofmann, Ingo},
  journal={Physical Review E},
  volume={57},
  number={4},
  pages={4713},
  year={1998},
  publisher={APS}
}



@article{20,
  title={},
  author={I. M. Kapchinskij and V. V. Vladimirskij},
  journal={Proceedings of the 9th International Conference on High Energy Accelerators, (CERN, Geneva, 1959), P. 274},
  year={1959},
  institution={Geneva, CERN}
}


@article{21,
  title = {Modeling of second order space charge driven coherent sum and difference instabilities},
  author = {Yuan, Yao-Shuo and Boine-Frankenheim, Oliver and Hofmann, Ingo},
  journal = {Phys. Rev. Accel. Beams},
  volume = {20},
  issue = {10},
  pages = {104201},
  numpages = {7},
  year = {2017},
  month = {Oct},
  publisher = {American Physical Society},
  doi = {10.1103/PhysRevAccelBeams.20.104201},
  url = {https://link.aps.org/doi/10.1103/PhysRevAccelBeams.20.104201}
}

@article{22,
  title={Evolution of rms beam envelopes in transport systems with linear xy coupling},
  author={Chernin, D},
  journal={Part. Accel.},
  volume={24},
  pages={29--44},
  year={1988}
}

@article{23,
  title={Beam dynamics study of RFQ for C-ADS with a 3D space-charge-effect},
  author={Li, Chao and Zhang, Zhilei and Qi, Xin and Xu, Xianbo and He, Yuan and Yang, Lei},
  journal={Chinese physics C},
  volume={38},
  number={3},
  pages={037005},
  year={2014},
  publisher={IOP Publishing}
}
@inproceedings{24,
  title={Beam Dynamics Study of C-Ads Injector-I With Developing P-Topo Code},
  author={Liu, Zhicong and Li, Chao and Qin, Qing and Zhao, Yaliang and Yan, Fang},
  booktitle={57th ICFA Advanced Beam Dynamics Workshop on High-Intensity and High-Brightness Hadron Beams (HB'16), Malm{\"o}, Sweden, July 3-8, 2016},
  pages={195--198},
  year={2016},
  organization={JACOW, Geneva, Switzerland}
}

@article{25,
  title={Fourth order resonance of a high intensity linear accelerator},
  author={Jeon, D and Groening, L and Franchetti, G},
  journal={Physical Review Special Topics-Accelerators and Beams},
  volume={12},
  number={5},
  pages={054204},
  year={2009},
  publisher={APS}
}

@techreport{26,
  title={On scaling properties of crossing the third-order resonance in particle accelerator},
  author={Lee, SY and Pang, X and Jing, Y and Luo, T and Ng, KY},
  year={2011},
  institution={Fermi National Accelerator Laboratory (FNAL), Batavia, IL}
}


@inproceedings{27,
  title={Self-consistent beam halo studies \& halo diagnostic development in a continuous linear focusing channel},
  author={Jameson, R. A. },
  publisher = {World Scientific, ISBN 981-02-2537-7, pp.530-560. LA-UR-94-3753, Los Alamos National Laboratory. AIP Proceedings of the 1994 Joint US-CERN-Japan International School on Frontiers of Accelerator Technology,
  Maui, Hawaii, USA, 3-9 November 1994  },
  year={1994},
  institution={Los Alamos National Lab., NM (United States)},
}


@book{29,
  title={Nonlinear dynamics in particle accelerators},
  author={Dil{\~a}o, Rui},
  volume={23},
  year={1996},
  publisher={World Scientific}
}



@article{31,
  title={Experimental evidence of space charge driven emittance coupling in high intensity linear accelerators},
  author={Groening, L and Hofmann, I and Barth, W and Bayer, W and Clemente, G and Dahl, L and Forck, P and Gerhard, P and Kaiser, MS and Maier, M and others},
  journal={Physical review letters},
  volume={103},
  number={22},
  pages={224801},
  year={2009},
  publisher={APS}
}

@article{32,
  title={Experimental evidence of space charge driven resonances in high intensity linear accelerators},
  author={Jeon, Dong-O},
  journal={Physical Review Accelerators and Beams},
  volume={19},
  number={1},
  pages={010101},
  year={2016},
  publisher={APS}
}

@article{33,
  title={Coherent resonance stop bands in alternating gradient beam transport},
  author={Ito, K and Okamoto, H and Tokashiki, Y and Fukushima, K},
  journal={Physical Review Accelerators and Beams},
  volume={20},
  number={6},
  pages={064201},
  year={2017},
  publisher={APS}
}



@Book{35,
  title={Mathematical Methods of Classical Mechanics},
  author={V. I. Arnold, A. Weinestein, K. Vogtmann },
  publisher = {Springer; 2nd edition, ISBN-10: 0387968903 },
  year={1997},
}

@article{36,
  title = {Sixth-Order Resonance of High-Intensity Linear Accelerators},
  author = {Jeon, Dong-O and Hwang, Kyung Ryun and Jang, Ji-Ho and Jin, Hyunchang and Jang, Hyojae},
  journal = {Phys. Rev. Lett.},
  volume = {114},
  issue = {18},
  pages = {184802},
  numpages = {5},
  year = {2015},
  month = {May},
  publisher = {American Physical Society},
  doi = {10.1103/PhysRevLett.114.184802},
  url = {http://link.aps.org/doi/10.1103/PhysRevLett.114.184802}
}

@article{37,
  title={Beam losses and beam halos in accelerators for new energy sources},
  author={Jameson, R. A.},
  journal={ ``Equipartitioning in Linear Accelerators", Proc. of the 1981 Linear Accelerator Conf., Santa Fe, NM, October l9-23, 1981; ``On Scaling $&$ Optimization of High Intensity, Low-Beam-Loss RF Linacs for Neutron Source Drivers", in Advanced Accelerator Concepts, AIP Conf. Proc. 279, ISBN 1-56396-191-1, DOE Conf-9206193 (1992) 969-998;  ``An Approach to Fundamental Study of Beam Loss Minimization", AIP Conference Proceedings 480; ``Space Charge Dominated Beam Physics for Heavy Ion fusion", Saitama, Japan, December 1998; ``RFQ Designs and Beam-Loss Distributions for IFMIF", Oak Ridge National Laboratory Report ORNL TM-2007-001, January 2007.},
}



@article{38,
  title={Relation between field energy and RMS emittance in intense particle beams},
  author={Wangler, TP and Crandall, KR and Mills, RS and Reiser, M},
  journal={Nuclear Science, IEEE Transactions on},
  volume={32},
  number={5},
  pages={2196--2200},
  year={1985},
  publisher={IEEE}
}
@article{39,
  title={Free energy and emittance growth in nonstationary charged particle beams},
  author={Reiser, Martin},
  journal={Journal of applied physics},
  volume={70},
  number={4},
  pages={1919--1923},
  year={1991},
  publisher={AIP Publishing}
}


@inproceedings{41,
  title={Conceptual difficulities of a thermaldynamics description of charged particle beams},
  author={Santiago Bernal},
  booktitle={Proc. International Particle Accelerator Conf. 2015, Richmond, VA, USA, MOPMA045},
  year={2015}
}
@article{42,
  title={Nonlinear longitudinal space charge oscillations in relativistic electron beams},
  author={Musumeci, P and Li, RK and Marinelli, A},
  journal={Physical review letters},
  volume={106},
  number={18},
  pages={184801},
  year={2011},
  publisher={APS}
}

@article{44,
  title = {Beam halo definitions based upon moments of the particle distribution},
  author = {Allen, C. K. and Wangler, T. P.},
  journal = {Phys. Rev. ST Accel. Beams},
  volume = {5},
  issue = {12},
  pages = {124202},
  numpages = {7},
  year = {2002},
  month = {Dec},
  publisher = {American Physical Society},
  doi = {10.1103/PhysRevSTAB.5.124202},
  url = {http://link.aps.org/doi/10.1103/PhysRevSTAB.5.124202}
}

@article{singh2014observations,
  title={Observations of the quadrupolar oscillations at GSI SIS-18},
  author={Singh, R and Forck, P and Kowina, P and Tsonga, JAT and Mueller, W and Weiland, T and Gasior, M},
  journal={IBIC Proceedings},
  year={2014}
}
@MISC{cernAdrian,
  author =       {Adrian Oeftiger},
  title =        {Quadrupolar Pick-ups to Measure Space Charge Tune Spreads of Bunched Beams},
  howpublished = {Invited talk in Space charge 2017},
  year =         {2017}
}





@article{40,
  title = {Space-Charge Structural Instabilities and Resonances in High-Intensity Beams},
  author = {Hofmann, Ingo and Boine-Frankenheim, Oliver},
  journal = {Phys. Rev. Lett.},
  volume = {115},
  issue = {20},
  pages = {204802},
  numpages = {5},
  year = {2015},
  month = {Nov},
  publisher = {American Physical Society},
  doi = {10.1103/PhysRevLett.115.204802},
  url = {https://link.aps.org/doi/10.1103/PhysRevLett.115.204802}
}

@article{groening2009experimental,
  title={Experimental evidence of space charge driven emittance coupling in high intensity linear accelerators},
  author={Groening, L and Hofmann, I and Barth, W and Bayer, W and Clemente, G and Dahl, L and Forck, P and Gerhard, P and Kaiser, MS and Maier, M and others},
  journal={Physical review letters},
  volume={103},
  number={22},
  pages={224801},
  year={2009},
  publisher={APS}
}

%PICref==============================================================


%High Intensity accelerator

@article{eshraqi2014ESS,
  title={Statistical error studies in the ESS linac},
  author={Eshraqi, Mohammad and de Prisco, Renato and Miyamoto, Ryoichi and Edgar, Sargsyan and Heine D{\o}lrath, Thomsen},
  journal={IPAC},
  volume={14},
  pages={3323},
  year={2014}
}


%GPU
@book{pharr2005gpu,
  title={GPU gems 2: programming techniques for high-performance graphics and general-purpose computation},
  author={Pharr, Matt and Fernando, Randima},
  year={2005},
  publisher={Addison-Wesley Professional}
}

@inproceedings{owens2007survey,
  title={A survey of general-purpose computation on graphics hardware},
  author={Owens, John D and Luebke, David and Govindaraju, Naga and Harris, Mark and Kr{\"u}ger, Jens and Lefohn, Aaron E and Purcell, Timothy J},
  booktitle={Computer graphics forum},
  volume={26},
  number={1},
  pages={80--113},
  year={2007},
  organization={Wiley Online Library}
}

@misc{nvidia_GTX1060architecture,
title={GeForce GTX 1060 Graphics Cards from NVIDIA GeForce},
url={https://www.nvidia.com/en-us/geforce/products/10series/geforce-gtx-1060/},
journal={NVIDIA}
}

@book{sanders2010cuda,
  title={CUDA by Example: An Introduction to General-Purpose GPU Programming, Portable Documents},
  author={Sanders, Jason and Kandrot, Edward},
  year={2010},
  publisher={Addison-Wesley Professional}
}

%PIC using GPU
@article{stantchev2008fast,
  title={Fast parallel Particle-To-Grid interpolation for plasma PIC simulations on the GPU},
  author={Stantchev, George and Dorland, William and Gumerov, Nail},
  journal={Journal of Parallel and Distributed Computing},
  volume={68},
  number={10},
  pages={1339--1349},
  year={2008},
  publisher={Elsevier}
}

@article{burau2010picongpu,
  title={PIConGPU: A fully relativistic particle-in-cell code for a GPU cluster},
  author={Burau, Heiko and Widera, Ren{\'e}e and Honig, Wolfgang and Juckeland, Guido and Debus, Alexander and Kluge, Thomas and Schramm, Ulrich and Cowan, Tomas E and Sauerbrey, Roland and Bussmann, Michael},
  journal={IEEE Transactions on Plasma Science},
  volume={38},
  number={10},
  pages={2831--2839},
  year={2010},
  publisher={IEEE}
}

@article{decyk2011adaptable,
  title={Adaptable particle-in-cell algorithms for graphical processing units},
  author={Decyk, Viktor K and Singh, Tajendra V},
  journal={Computer Physics Communications},
  volume={182},
  number={3},
  pages={641--648},
  year={2011},
  publisher={Elsevier}
}

@article{decyk2014particle,
  title={Particle-in-cell algorithms for emerging computer architectures},
  author={Decyk, Viktor K and Singh, Tajendra V},
  journal={Computer Physics Communications},
  volume={185},
  number={3},
  pages={708--719},
  year={2014},
  publisher={Elsevier}
}

@article{pang2014gpu,
  title={GPU accelerated online multi-particle beam dynamics simulator for ion linear particle accelerators},
  author={Pang, X and Rybarcyk, L},
  journal={Computer Physics Communications},
  volume={185},
  number={3},
  pages={744--753},
  year={2014},
  publisher={Elsevier}
}

%Accelerator Book


@book{chao1999handbook,
  title={Handbook of accelerator physics and engineering},
  author={Chao, Alexander Wu and Mess, Karl Hubert and Tigner, Maury and Zimmermann, Frank},
  year={1999},
  publisher={World Scientific}
}

%Race Condition
@article{netzer1992race,
  title={What are race conditions?: Some issues and formalizations},
  author={Netzer, Robert HB and Miller, Barton P},
  journal={ACM Letters on Programming Languages and Systems (LOPLAS)},
  volume={1},
  number={1},
  pages={74--88},
  year={1992},
  publisher={ACM}
}
@article{quinn2003parallel,
  title={Parallel Programming},
  author={Quinn, Michael J},
  journal={TMH CSE},
  volume={526},
  year={2003}
}

@book{birdsall2004plasma,
  title={Plasma physics via computer simulation},
  author={Birdsall, Charles K and Langdon, A Bruce},
  year={2004},
  publisher={CRC press}
}

%Supercomputer
@inproceedings{tiwari2015Titan,
  title={Reliability lessons learned from GPU experience with the Titan supercomputer at Oak Ridge leadership computing facility},
  author={Tiwari, Devesh and Gupta, Saurabh and Gallarno, George and Rogers, Jim and Maxwell, Don},
  booktitle={Proceedings of the international conference for high performance computing, networking, storage and analysis},
  pages={38},
  year={2015},
  organization={ACM}
}

@techreport{wells2016Summit,
  title={Announcing Supercomputer Summit},
  author={Wells, Jack and Bland, Buddy and Nichols, Jeff and Hack, Jim and Foertter, Fernanda and Hagen, Gaute and Maier, Thomas and Ashfaq, Moetasim and Messer, Bronson and Parete-Koon, Suzanne},
  year={2016},
  institution={ORNL (Oak Ridge National Laboratory (ORNL), Oak Ridge, TN (United States))}
}

@article{he2018Cori,
  title={Preparing NERSC users for Cori, a Cray XC40 system with Intel many integrated cores},
  author={He, Yun and Cook, Brandon and Deslippe, Jack and Friesen, Brian and Gerber, Richard and Hartman-Baker, Rebecca and Koniges, Alice and Kurth, Thorsten and Leak, Stephen and Yang, Woo-Sun and others},
  journal={Concurrency and Computation: Practice and Experience},
  volume={30},
  number={1},
  year={2018},
  publisher={Wiley Online Library}
}

@misc{TitanURL,
  title = {Titan},
  url  = {https://www.olcf.ornl.gov/computing-resources/titan-cray-xk7/},
  note = "[Online; Accessed January 11, 2018]"
}

@misc{SummitURL,
  title = {Summit},
    url = {https://www.olcf.ornl.gov/summit/}},
  note = "[Online; Accessed January 11, 2018]"
}

@misc{KnlURL,
  title = {Cori Knight Landing},
  url = {http://www.nersc.gov/users/computational-systems/cori/configuration/cori-intel-xeon-phi-nodes/},
  note = "[Online; Accessed January 11, 2018]"
}


%particle-core model and halo formation
@article{gluckstern1994analytic,
  title={Analytic model for halo formation in high current ion linacs},
  author={Gluckstern, Robert L},
  journal={Physical review letters},
  volume={73},
  number={9},
  pages={1247},
  year={1994},
  publisher={APS}
}

@article{gluckstern1998halo,
  title={Halo formation in three-dimensional bunches},
  author={Gluckstern, RL and Fedotov, AV and Kurennoy, S and Ryne, R},
  journal={Physical Review E},
  volume={58},
  number={4},
  pages={4977},
  year={1998},
  publisher={APS}
}

@article{qiang2000beam,
  title={Beam halo studies using a three-dimensional particle-core model},
  author={Qiang, Ji and Ryne, Robert D},
  journal={Physical Review Special Topics-Accelerators and Beams},
  volume={3},
  number={6},
  pages={064201},
  year={2000},
  publisher={APS}
}

@article{chen1995self,
  title={Self-consistent simulation studies of periodically focused intense charged-particle beams},
  author={Chen, Chiping and Jameson, RA},
  journal={Physical Review E},
  volume={52},
  number={3},
  pages={3074},
  year={1995},
  publisher={APS}
}

@article{okamoto1997simulation,
  title={Simulation study of halo formation in breathing round beams},
  author={Okamoto, Hiromi and Ikegami, Masanori},
  journal={Physical Review E},
  volume={55},
  number={4},
  pages={4694},
  year={1997},
  publisher={APS}
}

@article{fedotov1999halo,
  title={Halo formation in three-dimensional bunches with various phase space distributions},
  author={Fedotov, AV and Gluckstern, RL and Kurennoy, SS and Ryne, Robert D},
  journal={Physical Review Special Topics-Accelerators and Beams},
  volume={2},
  number={1},
  pages={014201},
  year={1999},
  publisher={APS}
}


@phdthesis{mengcai2014phdthesis,
author={孟才},
title={中国ADS加速器误差分析和束流损失机制的研究},
school={中国科学院大学},
year={2014},
type={博士论文},
month={4},
address={北京},
}
