@article{PIC_ji2000,
title = "An Object-Oriented Parallel Particle-in-Cell Code for Beam Dynamics Simulation in Linear Accelerators",
journal = "Journal of Computational Physics",
volume = "163",
number = "2",
pages = "434 - 451",
year = "2000",
note = "",
issn = "0021-9991",
doi = "http://dx.doi.org/10.1006/jcph.2000.6570",
url = "http://www.sciencedirect.com/science/article/pii/S0021999100965707",
author = "Ji Qiang and Robert D. Ryne and Salman Habib and Viktor Decyk",
}

@article{PIC_friedman1992,
  title={Three-dimensional particle simulation of heavy-ion fusion beams},
  author={Friedman, Alex and Grote, David P and Haber, Irving},
  journal={Physics of Fluids B: Plasma Physics},
  volume={4},
  number={7},
  pages={2203--2210},
  year={1992},
  publisher={AIP}
}

@article{PIC_Amundson2006229,
title = "Synergia: An accelerator modeling tool with 3-D space charge ",
journal = "Journal of Computational Physics ",
volume = "211",
number = "1",
pages = "229 - 248",
year = "2006",
note = "",
issn = "0021-9991",
doi = "http://dx.doi.org/10.1016/j.jcp.2005.05.024",
url = "http://www.sciencedirect.com/science/article/pii/S0021999105002718",
author = "J. Amundson and P. Spentzouris and J. Qiang and R. Ryne",
keywords = "Accelerator physics",
keywords = "Parallel computing",
keywords = "Framework",
keywords = "Space charge",
keywords = "Halo "
}

@article{PIC_ji2004,
  title={A parallel particle-in-cell model for beam--beam interaction in high energy ring colliders},
  author={Qiang, Ji and Furman, Miguel A and Ryne, Robert D},
  journal={Journal of Computational Physics},
  volume={198},
  number={1},
  pages={278--294},
  year={2004},
  publisher={Elsevier}
}

@article{PIC_Birdsall1991,
author={C. K. Birdsall},
journal={IEEE Transactions on Plasma Science},
title={Particle-in-cell charged-particle simulations, plus Monte Carlo collisions with neutral atoms, PIC-MCC},
year={1991},
volume={19},
number={2},
pages={65-85},
keywords={Monte Carlo methods;plasma collision processes;plasma simulation;1D charged sheet models;Coulomb collision calculations;Monte Carlo collisions;electromagnetic field solutions;fast direct Poisson equation solvers;low-temperature collision plasmas;magnetized fusion plasmas;many-particle simulations;neutral atoms;partially ionized gases;particle-in-cell charge-particle simulations;plasma-assisted materials processing;spatial meshes;Atomic measurements;Computational modeling;Computer simulation;Monte Carlo methods;Nuclear and plasma sciences;Plasma applications;Plasma materials processing;Plasma measurements;Plasma simulation;Plasma temperature},
doi={10.1109/27.106800},
ISSN={0093-3813},
month={Apr}
}

@article{PIC_beampath2005,
  title={Particle-in-cell code BEAMPATH for beam dynamics simulations in linear accelerators and beamlines},
  author={Batygin, Yuri K},
  journal={Nuclear Instruments and Methods in Physics Research Section A: Accelerators, Spectrometers, Detectors and Associated Equipment},
  volume={539},
  number={3},
  pages={455--489},
  year={2005},
  publisher={Elsevier}
}

@article{PIC_tracewin2014,
  title={TraceWin},
  author={Uriot, D and Pichoff, N},
  journal={CEA Saclay, June},
  year={2014}
}

@article{symplectic_channel1990,
  title={Symplectic integration of Hamiltonian systems},
  author={Channell, PJ and Scovel, C},
  journal={Nonlinearity},
  volume={3},
  number={2},
  pages={231},
  year={1990},
  publisher={IOP Publishing}
}

@article{symplectic_yoshida1990,
  title     ={Construction of higher order symplectic integrators},
  author    ={Yoshida, Haruo},
  journal   ={Physics Letters A},
  volume    ={150},
  number    ={5-7},
  pages     ={262--268},
  year      ={1990},
  publisher ={Elsevier}
}

@article{symplectic_ji2017,
  title = {Symplectic multiparticle tracking model for self-consistent space-charge simulation},
  author = {Qiang, Ji},
  journal = {Phys. Rev. Accel. Beams},
  volume = {20},
  issue = {1},
  pages = {014203},
  numpages = {11},
  year = {2017},
  month = {Jan},
  publisher = {American Physical Society},
  doi = {10.1103/PhysRevAccelBeams.20.014203},
  url = {http://link.aps.org/doi/10.1103/PhysRevAccelBeams.20.014203}
}

@misc{nvidia2010programming,
  title={Programming guide},
  author={Nvidia, CUDA},
  year={2010}
}

@article{gpu2008,
  title={GPU computing},
  author={Owens, John D and Houston, Mike and Luebke, David and Green, Simon and Stone, John E and Phillips, James C},
  journal={Proceedings of the IEEE},
  volume={96},
  number={5},
  pages={879--899},
  year={2008},
  publisher={IEEE}
}

@book{accelerator2004lee,
  title={Accelerator physics},
  author={Lee, Shyh-Yuan},
  year={2004},
  publisher={World Scientific Publishing Co Inc}
}

@book{accelerator2013chao,
  title={Handbook of accelerator physics and engineering},
  author={Chao, Alexander Wu and Mess, Karl Hubert and Tigner, Maury and Zimmermann, Frank},
  year={2013},
  publisher={World scientific}
}
